% !TEX encoding = UTF-8

@online{python-history,
  title   = {History of Python},
  url     = {https://www.python.org/doc/essays/foreword/},
  urldate = {2023-08-12}
}

@online{python-usage,
  title   = {Python Usage Statistics},
  url     = {https://techjury.net/blog/python-usage-statistics/},
  urldate = {2023-08-12}
}

@online{python-packages,
  title   = {Python Packages},
  url     = {https://pypi.org/search/?q=&o=&c=Programming+Language+%3A%3A+Python+%3A%3A+3},
  urldate = {2023-08-12}
}

@online{python-mariadb,
  title   = {MariaDB Connector/Python},
  url     = {https://pypi.org/project/mariadb/},
  urldate = {2023-08-12}
}	

@online{mariadb,
  title   = {Mariadb Documentation},
  url     = {https://mariadb.org/documentation/},
  urldate = {2023-08-12}
}